<?xml version="1.0" encoding="UTF-8" ?>
<collection xmlns:xsi="http://www.w3.org/2001/XMLSchema-instance" xsi:schemaLocation="http://www.loc.gov/MARC21/slim http://www.loc.gov/standards/marcxml/schema/MARC21slim.xsd" xmlns="http://www.loc.gov/MARC21/slim">
   <record>
      <leader>     cam a22     Ia 4500</leader>
      <controlfield tag="001">7491388</controlfield>
      <controlfield tag="003">NIC</controlfield>
      <controlfield tag="005">20130331115213.0</controlfield>
      <controlfield tag="008">890926s1936    ua       b    000 0 ara d</controlfield>
      <datafield tag="035" ind1=" " ind2=" ">
         <subfield code="a">(OCoLC)23507775</subfield>
      </datafield>
      <datafield tag="035" ind1=" " ind2=" ">
         <subfield code="a">7491388</subfield>
      </datafield>
      <datafield tag="040" ind1=" " ind2=" ">
         <subfield code="a">EYM</subfield>
         <subfield code="c">EYM</subfield>
         <subfield code="d">GZM</subfield>
         <subfield code="d">OCLCG</subfield>
      </datafield>
      <datafield tag="043" ind1=" " ind2=" ">
         <subfield code="a">e-gr---</subfield>
      </datafield>
      <datafield tag="050" ind1=" " ind2="4">
         <subfield code="a">B 293</subfield>
         <subfield code="b">.A74 M47</subfield>
      </datafield>
      <datafield tag="050" ind1="1" ind2="4">
         <subfield code="a">B293.A7</subfield>
         <subfield code="b">M39 1936</subfield>
      </datafield>
      <datafield tag="092" ind1=" " ind2=" ">
         <subfield code="a">182.2</subfield>
      </datafield>
      <datafield tag="100" ind1="1" ind2=" ">
         <subfield code="a">Maẓhar, Ismāʻīl.</subfield>
      </datafield>
      <datafield tag="245" ind1="1" ind2="0">
         <subfield code="a">Falsafat al-ladhdhah wa-al-alam :</subfield>
         <subfield code="b">Arisṭubbus wa-shīʻatuhu : aṣḥāb al-madhhab al-qūrīnī fī falsafat al-ladhdhah wa-al-alam, maʻa lamḥah ilá tārīkh al-madhhab wa-taṭawwurihi mundhu nashā&apos;tihi ilá al-ān, mashfūʻah bi-muqāranāt shattá tadūr ḥawla ittikhādh al-ladhdhah al-rāhibah asāsan lil-sulūk /</subfield>
         <subfield code="c">Ismāʻīl Maẓhar.</subfield>
      </datafield>
      <datafield tag="260" ind1=" " ind2=" ">
         <subfield code="a">[Cairo, Egypt :</subfield>
         <subfield code="b">s.n.,</subfield>
         <subfield code="c">1936]</subfield>
         <subfield code="e">(al-Qāhirah :</subfield>
         <subfield code="f">al-Maktabah al-Nahḍah al-Misriyah)</subfield>
      </datafield>
      <datafield tag="300" ind1=" " ind2=" ">
         <subfield code="a">258 p. ;</subfield>
         <subfield code="c">25 cm.</subfield>
      </datafield>
      <datafield tag="504" ind1=" " ind2=" ">
         <subfield code="a">Includes bibliographical references.</subfield>
      </datafield>
      <datafield tag="600" ind1="0" ind2="0">
         <subfield code="a">Aristippus,</subfield>
         <subfield code="d">435? B.C.-356? B.C.</subfield>
      </datafield>
      <datafield tag="650" ind1=" " ind2="0">
         <subfield code="a">Philosophers</subfield>
         <subfield code="z">Greece.</subfield>
      </datafield>
      <datafield tag="650" ind1=" " ind2="0">
         <subfield code="a">Philosophy, Ancient.</subfield>
      </datafield>
      <datafield tag="650" ind1=" " ind2="0">
         <subfield code="a">Hedonism.</subfield>
      </datafield>
      <datafield tag="948" ind1="0" ind2=" ">
         <subfield code="a">20111004</subfield>
         <subfield code="b">i</subfield>
         <subfield code="d">dct6</subfield>
         <subfield code="e">lts</subfield>
         <subfield code="h">lccairo</subfield>
      </datafield>
      <datafield tag="948" ind1="1" ind2=" ">
         <subfield code="a">20111004</subfield>
         <subfield code="b">f</subfield>
         <subfield code="d">dct6</subfield>
         <subfield code="e">lts</subfield>
      </datafield>
      <datafield tag="903" ind1=" " ind2=" ">
         <subfield code="a">NYUACO</subfield>
         <subfield code="d">20140514</subfield>
         <subfield code="p">31924116565866</subfield>
      </datafield>
      <datafield tag="950" ind1=" " ind2=" ">
         <subfield code="a">B293.A7</subfield>
         <subfield code="b">M39 1936</subfield>
         <subfield code="v"> </subfield>
      </datafield>
   </record>
</collection>
